@Misc{Gorecka2012,
    author = {Lucie Górecká},
    title = {Typografie},
    howpublished = {[online]},
    year = {2012},
    note = {vid. 11. dubna 2022, 21:35},
    url = {https://wiki.knihovna.cz/index.php/Typografie},
}

@InBook{Lennartz2011,
    author = {Lennartz Sven, Frieman Vitaly},
	title = {Typography},
	chapter = {Preface},
    pages = {4},
	publisher = {Smashing Media GmbH},
	address = {Freiburg, Germany},
	year = {2011},
	ISBN = {978-3-943075-07-6},
}

@InBook{Kottwitz2011,
    author = {Stefan Kottwitz},
	title = {LaTeX Beginner's Guide},
	chapter = {Preface},
    pages = {1},
	publisher = {Packt Publishing Ltd.},
	address = {32 Lincoln Road, Olton, Birmingham, B27 6PA, UK.},
	year = {2011},
	ISBN = {978-1-847199-86-7},
}

@Misc{Pukovcova2023,
    author = {Klára Pukovcová},
    title = {Předchozí prezidentské sliby vypadaly ostudně, hájí letošní design autorka},
    howpublished = {[online]},
    year = {2023},
    note = {vid. 14. dubna 2023, 19:27},
    url = {https://www.idnes.cz/zpravy/domaci/prezidentsky-slib-grafika-kaligrafie-pismo-petra-docekalova.A230308_110441_domaci_pukk},
}

@Misc{Rouse2022,
    author = {Margaret Rouse},
    title = {Microsoft Word},
    howpublished = {[online]},
    year = {2022},
    note = {vid. 14. dubna 2022, 19:41},
    url = {https://www.techopedia.com/definition/3840/microsoft-word},
}

@Article{Blazek2005,
  title ={A Typographic Jubilee for Matthew Carter},
  author = {Blažek Filip and Kočička Pavel and Krč Jakub and Zelenka Pavel},
  journal = {Typo},
  volume = {1},
  number = {18},
  pages = {2--16},
  year = {2005},
  publisher = {Svět tisku, spol. s r. o.},
}

@Misc{TUGboat2022,
  title = {TUGboat},
  author = {Barbara Beeton},
  publisher = {TeX Users Group},
  year = {2022},
  volume = {1},
  number = {43},
}

@Article{Gratzer2008,
  title ={How to get started?},
  author = {Grätzer G.},
  journal = {PracTeX},
  volume = {1},
  number = {3},
  pages = {1--2},
  year = {2008},
  publisher = {The PracTEX Journal}
}

@MastersThesis{Jirasek2015,
	author = {Matěj Kašpar JIRÁSEK},
	title = {Možnosti a limity webové typografie},
	school = {Masarykova univerzita. Fakulta informatiky},
	year = {2015},
	type = {Bakalářská práce},
}

@MastersThesis{Sokol2012,
	author = {Miroslav Sokol},
	title = {Online LaTex editor},
	school = {Vysoké učení technické v Brně. Fakulta informačních technologií. Ústav počítačové grafiky.},
	year = {2012},
	type = {Diplomová práce},
}
